<?xml version="1.0" encoding="UTF-8"?><collection xmlns="http://www.loc.gov/MARC21/slim"><record><leader>00353nam--2200133-i-4500</leader><controlfield tag="001">000021404</controlfield><controlfield tag="002">20161230</controlfield><controlfield tag="005">20161230201034</controlfield><controlfield tag="008">060222s1000------------r-----000-0-eng-d</controlfield><datafield ind1=" " ind2=" " tag="100"><subfield code="a">Iacobson, M.O</subfield></datafield><datafield ind1=" " ind2=" " tag="245"><subfield code="a">Vladzievschi, a.p</subfield></datafield><datafield ind1=" " ind2=" " tag="260"><subfield code="a">Indrumatorul Mecanicului. Traducere Din Limba Rusa</subfield></datafield><datafield ind1=" " ind2=" " tag="490"><subfield code="a">Bucuresti, Ed. Tehnica, 1952. 414p</subfield></datafield><datafield ind1=" " ind2=" " tag="852"><subfield code="a">621.7</subfield></datafield></record></collection>